<record><leader>00000cas a22000007a 4500</leader><controlfield tag="001">11034102</controlfield><controlfield tag="008">840808d18671945aluwr ne      0    0eng d</controlfield><datafield ind1=" " ind2=" " tag="010"><subfield code="a">sn 84023593 </subfield></datafield><datafield ind1=" " ind2=" " tag="040"><subfield code="a">AQM</subfield><subfield code="b">eng</subfield><subfield code="c">AQM</subfield><subfield code="d">NPX</subfield><subfield code="d">NPU</subfield><subfield code="d">CPN</subfield><subfield code="d">DLC</subfield><subfield code="d">OCLCQ</subfield></datafield><datafield ind1=" " ind2=" " tag="042"><subfield code="a">msc</subfield></datafield><datafield ind1="0" ind2="0" tag="245"><subfield code="a">Our mountain home.</subfield></datafield><datafield ind1=" " ind2=" " tag="260"><subfield code="a">Talladega, Ala. :</subfield><subfield code="b">Mosley Bros.</subfield></datafield><datafield ind1=" " ind2=" " tag="300"><subfield code="a">v.</subfield></datafield><datafield ind1=" " ind2=" " tag="310"><subfield code="a">Weekly</subfield></datafield><datafield ind1="1" ind2=" " tag="362"><subfield code="a">Began in 1867; ceased in 1945.</subfield></datafield><datafield ind1=" " ind2=" " tag="500"><subfield code="a">Editors: R. Moseley, &lt;1872-1876&gt;; Edward Bailey &amp; Co., &lt;1873&gt;; Ware &amp; Henderson, &lt;1876&gt;; E. Bailey, &lt;1876&gt;.</subfield></datafield><datafield ind1=" " ind2=" " tag="500"><subfield code="a">Publishers: Moseley Bros., &lt;1872&gt;; Edward Bailey &amp; Co., &lt;1873&gt;; Ware &amp; Henderson, &lt;1876&gt;.</subfield></datafield><datafield ind1=" " ind2=" " tag="580"><subfield code="a">Daily eds.: Our mountain home, &lt;1895&gt; ; Talladega daily home, &lt;May 17, 1909-Mar. 5, 1945&gt;.</subfield></datafield><datafield ind1=" " ind2=" " tag="588"><subfield code="a">Description based on: Vol. 5, no. 1 (Jan. 3, 1872).</subfield></datafield><datafield ind1="1" ind2=" " tag="700"><subfield code="a">Ware, J. E.</subfield></datafield><datafield ind1="1" ind2=" " tag="700"><subfield code="a">Henderson, Thomas.</subfield></datafield><datafield ind1="1" ind2=" " tag="700"><subfield code="a">Moseley, Robert Alexander,</subfield><subfield code="d">1814-1900.</subfield></datafield><datafield ind1="1" ind2=" " tag="700"><subfield code="a">Bailey, Edward.</subfield></datafield><datafield ind1=" " ind2=" " tag="752"><subfield code="a">United States</subfield><subfield code="b">Alabama</subfield><subfield code="c">Talladega</subfield><subfield code="d">Talladega.</subfield></datafield><datafield ind1="1" ind2=" " tag="775"><subfield code="t">Our mountain home (Talladega, Ala.)</subfield><subfield code="w">(DLC)sn 88050235</subfield></datafield><datafield ind1="1" ind2=" " tag="775"><subfield code="t">Talladega daily home</subfield><subfield code="w">(DLC)sn 88050236</subfield></datafield><datafield ind1="0" ind2="0" tag="785"><subfield code="t">Talladega daily home and our mountain home</subfield><subfield code="w">(DLC)sn 88050237</subfield></datafield></record>